%%%%%%%%%%%%%%%%%%%%%%%%%%%%%%%%%%%%%%%%%%%%%%%%%%%%%%%%%%%%%%%%%%%%%%%%%%%%%%%%%
% Article																																				%
% The required fields here are author, title, journal, and year; all others can	%
% be omitted if you do not have the corresponding information. Note as well			%
% that author names should be separated by “and”.																%
%%%%%%%%%%%%%%%%%%%%%%%%%%%%%%%%%%%%%%%%%%%%%%%%%%%%%%%%%%%%%%%%%%%%%%%%%%%%%%%%%
@article{sharmaJindalBorah21,
	author = {Pratima Sharma and Rajni Jindal and Malaya Dutta Borah},
	title = {Blockchain-based decentralized architecture for cloud storage system},
	journal = {Journal of Information Security and Applications},
	volume = {62},
	year = {2021},
	number = {8},
	pages = {102970}
}

%%%%%%%%%%%%%%%%%%%%%%%%%%%%%%%%%%%%%%%%%%%%%%%%%%%%%%%%%%%%%%%
% Book																												%
% The required fields are author, title, publisher, and year.	%
%%%%%%%%%%%%%%%%%%%%%%%%%%%%%%%%%%%%%%%%%%%%%%%%%%%%%%%%%%%%%%%
@book{prusty17,
	author = {Narayan Prusty},
	title = {Building Blockchain Projects},
	edition = {1},
	publisher = {Packt Publishing Ltd},
	address = {B3 2PB, UK},
	year = {2017}
}

@book{tiana17,
	author = {Tiana Laurence},
	title = {Blockchain For Dummies},
	edition = {1},
	publisher = {John Wiley \& Sons, Inc},
	address = {111 River Street, Hoboken, NJ},
	year = {2017}
}

%%%%%%%%%%%%%%%%%%%%%%%%%%%%%%%%%%%%%%%%%%%%%%%%%%%%%%%%%%%%%%%
% Technical Report																						%
% The required fields are author, title, publisher, and year.	%
%%%%%%%%%%%%%%%%%%%%%%%%%%%%%%%%%%%%%%%%%%%%%%%%%%%%%%%%%%%%%%%
@techreport{YagaMellRobyScarfone18,
	author = {Dylan Yaga and Peter Mell and Nik Roby and Karen Scarfone },
	title = {Blockchain Technology Overview},
	series = {Internal Report},
	volume = {8202},
  institution = {National Institute of Standards and Technology},
	publisher = {National Institute of Standards and Technology},
	address = {Gaithersburg, MD},
	year = {2018}
}

@techreport{nakamoto09,
	author = {Satoshi Nakamoto},
	title = {Bitcoin: A Peer-to-Peer Electronic Cash System},
  series = {Technical Report},
  institution = {www.bitcoin.org},
  year = {2009},
}

@techreport{protocolLabs17,
	author = {Protocol Labs},
	title = {Filecoin: A Decentralized Storage Network},
  series = {Technical Report},
  institution = {https://filecoin.io},
  year = {2017},
}

%%%%%%%%%%%%%%%%%%%%%%%%%%%%%%%%%%%%%%%%%%%%%%%%%%%%%%%%%%%%%%%%%%%%%%%%%%%%%%%%%
% Website																																				%
% For websites, note the specific formatting of the howpublished field. Be			%
% sure to include the date of access as shown. Also, keep in mind that certain	%
% characters common in urls, such as underscores, must be escaped (preceded			%
% by a backslash, ex.																														%
% Used if none of the other entry types quite match the source.     			      %
% Frequently used to cite web pages, but can be anything from lecture slides  	%
% to personal notes.                                                            %
%%%%%%%%%%%%%%%%%%%%%%%%%%%%%%%%%%%%%%%%%%%%%%%%%%%%%%%%%%%%%%%%%%%%%%%%%%%%%%%%%
@misc{mdnWebDocs,
	author = {Mozilla.org},
	title = {Web technology for developers},
	howpublished = {Available at \url{https://developer.mozilla.org/en-US/docs/Web} (2022/07/20)}
}

@misc{ethDocs,
  author = {The Ethereum Community},
  title = {Ethereum Development Documentation},
  howpublished = {Available at \url{https://ethereum.org/en/developers/docs/} (2022/07/20)}
}

@misc{ipfsDocs,
  author = {Protocol Labs Team},
  title = {IPFS Documentation},
  howpublished = {Available at \url{https://docs.ipfs.io/} (2022/07/20)}
}

@misc{gtmetrix,
  author = {GTMetrix Team},
  title = {Test the performance of webpages},
  howpublished = {Available at \url{https://gtmetrix.com/} (2022/07/20)}
}

%%%%%%%%%%%%%%%%%%%%%%%%%%%%%%%%%%%%%%%%%%%%%%%%%%%%%%%%%%%%%%%
% inproceedings 																						 	%
% A paper that has been published in conference proceedings.  %
% The usage of conference and inproceedings is the same.      %
% The conference entry was included for Scribe compatibility. %
%%%%%%%%%%%%%%%%%%%%%%%%%%%%%%%%%%%%%%%%%%%%%%%%%%%%%%%%%%%%%%%
@inproceedings{SarkerSahaFerdous20,
  author = {Soumik Sarker and Arnob Kumar Saha and Md Sadek Ferdous},
  title = {A Survey on Blockchain \& Cloud Integration},
  booktitle = {International Conference on Computer and Information Technology},
  address = {Sylhet, Bangladesh},
  year = {2020}
}